
@article{bolin_calculating_2018,
  title = {Calculating {{Probabilistic Excursion Sets}} and {{Related Quantities Using}} Excursions},
  volume = {86},
  number = {1},
  journal = {Journal of Statistical Software},
  doi = {10.18637/jss.v086.i05},
  author = {Bolin, David and Lindgren, Finn},
  month = sep,
  year = {2018},
  pages = {1-20}
}


@article{bravington_reliable_2018-1,
  archivePrefix = {arXiv},
  eprinttype = {arxiv},
  eprint = {1807.07996},
  primaryClass = {stat},
  title = {Reliable Variance Propagation for Spatial Density Surface Models},
  journal = {arXiv:1807.07996 [stat]},
  author = {Bravington, Mark V. and Miller, David L. and Hedley, Sharon L.},
  month = jul,
  year = {2018}
}



@book{buckland_advanced_2008,
  address = {{Oxford}},
  edition = {New Ed edition},
  title = {Advanced {{Distance Sampling}}: {{Estimating Abundance}} of {{Biological Populations}}},
  shorttitle = {Advanced {{Distance Sampling}}},
  publisher = {{Oxford University Press, U.S.A.}},
  author = {Buckland, Stephen T. and Anderson, D. R. and Burnham, K. P. and Laake, J. L. and Borchers, D. L. and Thomas, L.},
  month = feb,
  year = {2008}
}

@book{buckland_distance_2015,
  series = {Methods in {{Statistical Ecology}}},
  title = {Distance {{Sampling}}: {{Methods}} and {{Applications}}},
  shorttitle = {Distance {{Sampling}}},
  publisher = {{Springer International Publishing}},
  author = {Buckland, Stephen T. and Rexstad, E. A. and Marques, Tiago A. and Oedekoven, C. S.},
  year = {2015}
}


@article{horvitz_generalization_1952,
  title = {A {{Generalization}} of {{Sampling Without Replacement From}} a {{Finite Universe}}},
  volume = {47},
  number = {260},
  journal = {Journal of the American Statistical Association},
  doi = {10.2307/2280784},
  author = {Horvitz, D. G. and Thompson, D. J.},
  year = {1952},
  pages = {663-685}
}



@article{buckland_model-based_2016,
  title = {Model-{{Based Distance Sampling}}},
  volume = {21},
  number = {1},
  journal = {Journal of Agricultural, Biological, and Environmental Statistics},
  doi = {10.1007/s13253-015-0220-7},
  author = {Buckland, S. T. and Oedekoven, C. S. and Borchers, D. L.},
  month = mar,
  year = {2016},
  pages = {58-75}
}

@article{johnson_model-based_2010,
  title = {A {{Model}}-{{Based Approach}} for {{Making Ecological Inference}} from {{Distance Sampling Data}}},
  volume = {66},
  number = {1},
  journal = {Biometrics},
  doi = {10.1111/j.1541-0420.2009.01265.x},
  author = {Johnson, Devin S. and Laake, Jeffrey L. and Hoef, Jay M. Ver},
  month = mar,
  year = {2010},
  pages = {310-318}
}


@article{lindgren_explicit_2011,
  title = {An Explicit Link between {{Gaussian}} Fields and {{Gaussian Markov}} Random Fields: The Stochastic Partial Differential Equation Approach},
  volume = {73},
  shorttitle = {An Explicit Link between {{Gaussian}} Fields and {{Gaussian Markov}} Random Fields},
  number = {4},
  journal = {Journal of the Royal Statistical Society: Series B (Statistical Methodology)},
  doi = {10.1111/j.1467-9868.2011.00777.x},
  author = {Lindgren, Finn and Rue, H{\aa}vard and Lindstr{\"o}m, Johan},
  month = sep,
  year = {2011},
  pages = {423-498}
}




@article{miller_spatial_2013,
  title = {Spatial Models for Distance Sampling Data: Recent Developments and Future Directions},
  volume = {4},
  shorttitle = {Spatial Models for Distance Sampling Data},
  number = {11},
  journal = {Methods in Ecology and Evolution},
  doi = {10.1111/2041-210X.12105},
  author = {Miller, David L. and Burt, M. Louise and Rexstad, Eric A. and Thomas, Len},
  month = jul,
  year = {2013},
  pages = {1001-1010}
}


@article{rue_approximate_2009,
  title = {Approximate {{Bayesian}} Inference for Latent {{Gaussian}} Models by Using Integrated Nested {{Laplace}} Approximations},
  volume = {71},
  number = {2},
  journal = {Journal of the Royal Statistical Society: Series B (Statistical Methodology)},
  doi = {10.1111/j.1467-9868.2008.00700.x},
  author = {Rue, H{\aa}vard and Martino, Sara and Chopin, Nicolas},
  year = {2009},
  pages = {319-392}
}





@article{yuan_point_2017,
  title = {Point Process Models for Spatio-Temporal Distance Sampling Data from a Large-Scale Survey of Blue Whales},
  volume = {11},
  number = {4},
  journal = {The Annals of Applied Statistics},
  doi = {10.1214/17-AOAS1078},
  author = {Yuan, Yuan and Bachl, Fabian E. and Lindgren, Finn and Borchers, David L. and Illian, Janine B. and Buckland, Stephen T. and Rue, H{\aa}vard and Gerrodette, Tim},
  month = dec,
  year = {2017},
  pages = {2270-2297}
}










